@article{des,
    title = {Data encryption standard (DES)},
    year = {1993},
    journal = {FIPS PUB 46-2. FEDERAL INFORMATION PROCESSING STANDARDS PUBLICATION (Supersedes FIPS PUB 46-1 -1988 January 22)},
}

@article{3des,
    title = {Data encryption standard (DES)},
    year = {1999},
    journal = {FIPS PUB 46-3. FEDERAL INFORMATION PROCESSING STANDARDS PUBLICATION},
}

@article{gost,
    title = {ГОСТ 34.12-2018 «Информационная технология. Криптографическая защита информации. Блочные шифры»},
    year = {2018},
}

@article{rc6,
    title = {The RC6TM Block Cipher},
    author = {Rivest, R. and Robshaw, M. and Sidney, R. and Yin, Y.},
    year = {1998},
}

@article{aesdesc,
    title = {Specification for the ADVANCED ENCRYPTION STANDARD (AES)},
    journal = {Federal Information Processing Standards Publication 197},
    year = {2001},
}

@article{aes2,
    title = {Biclique Cryptanalysis of the Full AES},
    author = {Bogdanov, A. and Khovratovich, D. and Rechberger, C.},
    journal = {Advances in Cryptology – ASIACRYPT 2011. ASIACRYPT 2011},
    year = {2011},
    pages = {344-371}
}

@article{aes1,
    title = {Distinguisher and Related-Key Attack on the Full AES-256 (Extended Version)},
    author = {Biryukov, A. and Khovratovich, D. and Nikolic, I.},
    journal = {Advances in Cryptology - CRYPTO 2009. CRYPTO 2009},
    year = {2009},
    pages = {231-249}
}

@article{aes3,
    title = {Quantum Security Analysis of AES},
    author = {Bonnetain, X. and Naya-Plasencia, M. and & Schrottenloher, A.},
    journal = {IACR Transactions on Symmetric Cryptology},
    year = {2019},
    pages = {55-93}
}

@article{aes4,
    title = {Efficient Hardware Design and Implementation of AES Cryptosystem},
    author = {Ghewari, P. and Patil, J. and Chougule, A.},
    journal = {International Journal of Engineering Science and Technology},
    year = {2010},
    volume = {2(3)},
    pages = {213-219}
}

@article{aes5,
    title = {New AES software speed records},
    author = {Bernstein, D.J. and Schwabe, P.},
    journal = {Progress in Cryptology - INDOCRYPT 2008},
    year = {2008},
    pages = {322-336}
}

@article{aes6,
    title = {Related-key Cryptanalysis of the Full AES-192
and AES-256},
    author = {Biryukov, A. and Khovratovich, D.},
    journal = {Advances in Cryptology – ASIACRYPT 2009},
    year = {2009},
    pages = {1-18}
}

@article{aes7,
    title = {Cache-timing attacks on AES},
    author = {Biryukov, A. and Khovratovich, D.},
    journal = {Advances in Cryptology – ASIACRYPT 2009},
    year = {2009},
    pages = {1-18}
}

@article{aes0,
    title = {A collision attack on 7 rounds of Rijndael},
    author = {Gilbert, H. and Minier, M.},
    journal = {AES Candidate Conference},
    year = {2000},
    pages = {230-241}
}

@article{idea,
    title = {A Proposal for a New Block Encryption Standard},
    author = {Xuejia Lai and James L. Massey},
    journal = {Advances in Cryptology-EUROCRYPT’90},
    year = {1991},
    pages = {389-404}
}

@article{fox,
    title = {FOX : a New Family of Block Ciphers},
    author = {Junod, P. and Vaudenay, S.},
    journal = {Selected Areas in Cryptography},
    year = {2004},
    pages = {114-129}
}

